@article{konar2011water,
	title={Water for food: The global virtual water trade network},
	author={Konar, M and Dalin, C and Suweis, S and Hanasaki, N and Rinaldo, A and Rodriguez-Iturbe, I},
	journal={Water Resources Research},
	volume={47},
	number={5},
	year={2011},
	publisher={Wiley Online Library},
	tag={rw3}
}

@article{sacha2014knowledge,
	title={Knowledge generation model for visual analytics},
	author={Sacha, Dominik and Stoffel, Andreas and Stoffel, Florian and Kwon, Bum Chul and Ellis, Geoffrey and Keim, Daniel A},
	journal={IEEE transactions on visualization and computer graphics},
	volume={20},
	number={12},
	pages={1604--1613},
	year={2014},
	publisher={IEEE}
}

@article{brobakk2011increasing,
	title={Increasing food and energy prices in 2008: What were the causes and who was to blame?},
	author={Brobakk, Jostein Tapper and Alm{\aa}s, Reidar},
	year={2011},
	publisher={International Journal of Sociology of Agriculture and Food}
}

@article{fellmann2014harvest,
	title={Harvest failures, temporary export restrictions and global food security: the example of limited grain exports from {R}ussia, {U}kraine and {K}azakhstan},
	author={Fellmann, Thomas and H{\'e}laine, Sophie and Nekhay, Olexandr},
	journal={Food Security},
	volume={6},
	number={5},
	pages={727--742},
	year={2014},
	publisher={Springer}
}

@article{siebert2010quantifying,
	title={Quantifying blue and green virtual water contents in global crop production as well as potential production losses without irrigation},
	author={Siebert, Stefan and D{\"o}ll, Petra},
	journal={Journal of Hydrology},
	volume={384},
	number={3},
	pages={198--217},
	year={2010},
	publisher={Elsevier}
}

@article{kohlhammer2011solving,
	title={Solving problems with visual analytics},
	author={Keim, Daniel and Kohlhammer, J{\"o}rn and Pohl, Margit and Santucci, Giuseppe and Andrienko, Gennady},
	journal={Procedia Computer Science},
	volume={7},
	pages={117--120},
	year={2011},
	publisher={Elsevier}
}

@article{cook2005illuminating,
	title={Illuminating the path: The research and development agenda for visual analytics},
	author={Cook, Kristin A and Thomas, James J},
	year={2005},
	publisher={IEEE Computer Society, Los Alamitos, CA, United States (US).}
}

@inproceedings{grochow2007network,
	title={Network motif discovery using subgraph enumeration and symmetry-breaking},
	author={Grochow, Joshua A and Kellis, Manolis},
	booktitle={RECOMB},
	volume={4453},
	pages={92--106},
	year={2007},
	organization={Springer}
}

@article{li2005towards,
	title={Towards a theory of scale-free graphs: Definition, properties, and implications},
	author={Li, Lun and Alderson, David and Doyle, John C and Willinger, Walter},
	journal={Internet Mathematics},
	volume={2},
	number={4},
	pages={431--523},
	year={2005},
	publisher={Taylor \& Francis}
}

@article{hoekstra2005globalisation,
	title={Globalisation of water resources: international virtual water flows in relation to crop trade},
	author={Hoekstra, Arjen Y and Hung, Pham Q},
	journal={Global environmental change},
	volume={15},
	number={1},
	pages={45--56},
	year={2005},
	publisher={Elsevier}
}

@article{hoekstra2012water,
	title={The water footprint of humanity},
	author={Hoekstra, Arjen Y and Mekonnen, Mesfin M},
	journal={Proceedings of the national academy of sciences},
	volume={109},
	number={9},
	pages={3232--3237},
	year={2012},
	publisher={National Acad Sciences}
}

@article{hanasaki2010estimation,
	title={An estimation of global virtual water flow and sources of water withdrawal for major crops and livestock products using a global hydrological model},
	author={Hanasaki, Naota and Inuzuka, Toshiyuki and Kanae, Shinjiro and Oki, Taikan},
	journal={Journal of Hydrology},
	volume={384},
	number={3},
	pages={232--244},
	year={2010},
	publisher={Elsevier}
}

@article{schiavo2010international,
	title={International trade and financial integration: a weighted network analysis},
	author={Schiavo, Stefano and Reyes, Javier and Fagiolo, Giorgio},
	journal={Quantitative Finance},
	volume={10},
	number={4},
	pages={389--399},
	year={2010},
	publisher={Taylor \& Francis}
}

@article{kali2007architecture,
	title={The architecture of globalization: a network approach to international economic integration},
	author={Kali, Raja and Reyes, Javier},
	journal={Journal of International Business Studies},
	volume={38},
	number={4},
	pages={595--620},
	year={2007},
	publisher={Springer}
}

@article{stouffer2012evolutionary,
	title={Evolutionary conservation of species' roles in food webs},
	author={Stouffer, Daniel B and Sales-Pardo, Marta and Sirer, M Irmak and Bascompte, Jordi},
	journal={Science},
	volume={335},
	number={6075},
	pages={1489--1492},
	year={2012},
	publisher={American Association for the Advancement of Science}
}

@book{silberglitt2015critical,
	title={Critical Materials, US Import Dependence, and Recommended Actions},
	author={Silberglitt, Richard},
	year={2015},
	publisher={RAND Corporation}
}

@article{andrienko2011challenging,
	title={Challenging problems of geospatial visual analytics},
	author={Andrienko, Gennady and Andrienko, Natalia and Keim, Daniel and MacEachren, Alan M and Wrobel, Stefan},
	journal={Journal of Visual Languages \& Computing},
	volume={22},
	number={4},
	pages={251--256},
	year={2011},
	publisher={Academic Press}
}

@inproceedings{ghoniem2004comparison,
	title={A comparison of the readability of graphs using node-link and matrix-based representations},
	author={Ghoniem, Mohammad and Fekete, J-D and Castagliola, Philippe},
	booktitle={Information Visualization, 2004. INFOVIS 2004. IEEE Symposium on},
	pages={17--24},
	year={2004},
	organization={Ieee}
}

@inproceedings{roberts2000multiple,
	title={Multiple view and multiform visualization},
	author={Roberts, Jonathan C},
	booktitle={Electronic Imaging},
	pages={176--185},
	year={2000},
	organization={International Society for Optics and Photonics}
}

@article{shneiderman2006network,
	title={Network visualization by semantic substrates},
	author={Shneiderman, Ben and Aris, Aleks},
	journal={IEEE Transactions on Visualization and Computer Graphics},
	volume={12},
	number={5},
	pages={733--740},
	year={2006},
	publisher={IEEE}
}

@article{luers2003method,
	title={A method for quantifying vulnerability, applied to the agricultural system of the {Y}aqui {V}alley, {M}exico},
	author={Luers, Amy L and Lobell, David B and Sklar, Leonard S and Addams, C Lee and Matson, Pamela A},
	journal={Global Environmental Change},
	volume={13},
	number={4},
	pages={255--267},
	year={2003},
	publisher={Elsevier}
}

@article{yusuf2009climate,
	title={Climate change vulnerability mapping for Southeast Asia},
	author={Yusuf, Arief Anshory and Francisco, Herminia},
	journal={Economy and Environment Program for Southeast Asia (EEPSEA), Singapore},
	pages={10--15},
	year={2009}
}

@article{herman2000graph,
	title={Graph visualization and navigation in information visualization: A survey},
	author={Herman, Ivan and Melan{\c{c}}on, Guy and Marshall, M Scott},
	journal={IEEE Transactions on visualization and computer graphics},
	volume={6},
	number={1},
	pages={24--43},
	year={2000},
	publisher={IEEE}
}

@techreport{eades1991preserving,
	title={Preserving the mental map of a diagram},
	author={Eades, Peter and Lai, Wei and Misue, Kazuo and Sugiyama, Kozo},
	year={1991},
	institution={Technical Report IIAS-RR-91-16E, Fujitsu Laboratories}
}

@article{rodgers2005graph,
	title={Graph drawing techniques for geographic visualization},
	author={Rodgers, Peter},
	journal={Exploring geovisualization},
	pages={143--158},
	year={2005}
}

@techreport{watson2008visualizing,
	title={Visualizing very large layered graphs with quilts},
	author={Watson, Benjamin and Brink, David and Lograsso, Thomas A and Devajaran, D and Rhyne, Theresa-Marie and Patel, Himesh},
	year={2008},
	institution={North Carolina State University. Dept. of Computer Science}
}

@inproceedings{purchase1997aesthetic,
	title={Which aesthetic has the greatest effect on human understanding?},
	author={Purchase, Helen},
	booktitle={International Symposium on Graph Drawing},
	pages={248--261},
	year={1997},
	organization={Springer}
}

@article{holsten2010climate,
	title={Climate change and territorial effects on regions and local economies},
	author={Holsten, Anne and Kropp, JÃ¼rgen and	Walther, Carsten and Lissner, Tabea and Roithmeier, Olivia and Klaus, Marcus },
	journal={Revised Interim Report},
	year={2010}
}
 
@article{malone2011evaluating,
	title={Evaluating Regional Vulnerability to Climate Change: Purposes and Methods},
	author={Malone, Elizabeth L and Engle, Nathan L},
	journal={Wiley Interdisciplinary Reviews: Climate Change},
	volume={2},
	number={3},
	pages={462--474},
	year={2011},
	publisher={Wiley Online Library}
}
 
@article{wirehn2016assessing,
	title={Assessing agricultural vulnerability to climate change in the Nordic countries--an interactive geovisualization approach},
	author={Wir{\'e}hn, Lotten and Opach, Tomasz and Neset, Tina-Simone},
	journal={Journal of Environmental Planning and Management},
	pages={1--20},
	year={2016},
	publisher={Taylor \& Francis}
}

@article{jones2007vulnerability,
	title={Vulnerability index construction: methodological choices and their influence on identifying vulnerable neighbourhoods},
	author={Jones, Brenda and Andrey, Jean},
	journal = {International Journal of Emergency Management},
	volume = {4},
	number = {2},
	pages = {269-295},
	year = {2007},
	doi = {10.1504/IJEM.2007.013994},
	URL = { 
		http://www.inderscienceonline.com/doi/abs/10.1504/IJEM.2007.013994
	},
	eprint = { 
		http://www.inderscienceonline.com/doi/pdf/10.1504/IJEM.2007.013994
	},
	abstract = { Indices are increasingly important for emergency planning at the community level, particularly with respect to identifying vulnerable neighbourhoods and mapping disaster potential. This paper provides both a critical literature review and an empirical case study that highlight the importance of different types of decisions in the construction of vulnerability indices. The case study focuses on the flooding risk in Vancouver, Canada, from both an evacuation and rebuilding perspective. Results of a sensitivity analysis suggest that spatial outcomes of vulnerability are highly sensitive to decisions regarding variable selection and representation, moderately sensitive to decisions about variable weighting and minimally affected by decisions about variable scaling. }
}

@article{wirehn2015assessment,
	title={Assessment of composite index methods for agricultural vulnerability to climate change},
	author={Wir{\'e}hn, Lotten and Danielsson, {\AA}sa and Neset, Tina-Simone S},
	journal={Journal of Environmental Management},
	volume={156},
	pages={70--80},
	year={2015},
	publisher={Elsevier}
}

@article{hinkel2011indicators,
	title={âIndicators of vulnerability and adaptive capacityâ: Towards a clarification of the science--policy interface},
	author={Hinkel, Jochen},
	journal={Global Environmental Change},
	volume={21},
	number={1},
	pages={198--208},
	year={2011},
	publisher={Elsevier}
}

@article{downing2006integrating,
	title={Integrating social vulnerability into water management},
	author={Downing, Thomas E and Aerts, J and Soussan, J and Barthelemy, O and Bharwani, S and Ionescu, C and Hinkel, J and Klein, RJT and Mata, LJ and Martin, N and others},
	journal={Climatic Change},
	year={2006}
}

@article{henry2007nodetrix,
	title={NodeTrix: a hybrid visualization of social networks},
	author={Henry, Nathalie and Fekete, Jean-Daniel and McGuffin, Michael J},
	journal={IEEE Transactions on Visualization and Computer Graphics},
	volume={13},
	number={6},
	pages={1302--1309},
	year={2007},
	publisher={IEEE}
}

@article{van2016reducing,
	title={Reducing snapshots to points: A visual analytics approach to dynamic network exploration},
	author={van den Elzen, Stef and Holten, Danny and Blaas, Jorik and van Wijk, Jarke J},
	journal={IEEE Transactions on Visualization and Computer Graphics},
	volume={22},
	number={1},
	pages={1--10},
	year={2016},
	publisher={IEEE}
}

@inproceedings{holten2009force,
	title={Force-Directed Edge Bundling for Graph Visualization},
	author={Holten, Danny and Van Wijk, Jarke J},
	booktitle={Computer graphics forum},
	volume={28},
	number={3},
	pages={983--990},
	year={2009},
	organization={Wiley Online Library}
}

@article{shen2002network,
	title={Network motifs in the transcriptional regulation network of Escherichia coli},
	author={Shen-Orr, Shai S and Milo, Ron and Mangan, Shmoolik and Alon, Uri},
	journal={Nature genetics},
	volume={31},
	number={1},
	pages={64--68},
	year={2002},
	publisher={Nature Publishing Group}
}

@article{ionescu2009towards,
	title={Towards a formal framework of vulnerability to climate change},
	author={Ionescu, Cezar and Klein, Richard JT and Hinkel, Jochen and Kumar, KS Kavi and Klein, Rupert},
	journal={Environmental Modeling \& Assessment},
	volume={14},
	number={1},
	pages={1--16},
	year={2009},
	publisher={Springer}
}

@article{adger2006vulnerability,
	title={Vulnerability},
	author={Adger, W Neil},
	journal={Global Environmental Change},
	volume={16},
	number={3},
	pages={268--281},
	year={2006},
	publisher={Elsevier}
}

@inproceedings{huang2005visualisation,
	title={Visualisation and analysis of network motifs},
	author={Huang, Weidong and Murray, Colin and Shen, Xiaobin and Song, Le and Wu, Ying Xin and Zheng, Lanbo},
	booktitle={Information Visualisation, 2005. Proceedings. Ninth International Conference on},
	pages={697--702},
	year={2005},
	organization={IEEE}
}

@article{shutters2012agricultural,
	title={Agricultural trade networks and patterns of economic development},
	author={Shutters, Shade T and Muneepeerakul, Rachata},
	journal={PloS one},
	volume={7},
	number={7},
	pages={e39756},
	year={2012},
	publisher={Public Library of Science}
}

@ARTICLE{networkApproach,
	AUTHOR="Shade T. Shutters and James Waters, Jennifer Fewell",
	TITLE="A Network Approach to Division of Labor in Ants",
	YEAR=2016
}

@inproceedings{dunne2013motif,
	title={Motif simplification: improving network visualization readability with fan, connector, and clique glyphs},
	author={Dunne, Cody and Shneiderman, Ben},
	booktitle={Proceedings of the SIGCHI Conference on Human Factors in Computing Systems},
	pages={3247--3256},
	year={2013},
	organization={ACM}
}

@article{preston2011putting,
	title={Putting vulnerability to climate change on the map: a review of approaches, benefits, and risks},
	author={Preston, Benjamin L and Yuen, Emma J and Westaway, Richard M},
	journal={Sustainability Science},
	volume={6},
	number={2},
	pages={177--202},
	year={2011},
	publisher={Springer}
}

@article{olesen2002consequences,
	title={Consequences of climate change for European agricultural productivity, land use and policy},
	author={Olesen, J{\o}rgen E and Bindi, Marco},
	journal={European journal of agronomy},
	volume={16},
	number={4},
	pages={239--262},
	year={2002},
	publisher={Elsevier}
}

@article{gephart2016vulnerability,
	title={Vulnerability to shocks in the global seafood trade network},
	author={Gephart, Jessica A and Rovenskaya, Elena and Dieckmann, Ulf and Pace, Michael L and Br{\"a}nnstr{\"o}m, {\AA}ke},
	journal={Environmental Research Letters},
	volume={11},
	number={3},
	pages={035008},
	year={2016},
	publisher={IOP Publishing}
}

@article{d2016teleconnected,
	title={Teleconnected food supply shocks},
	author={d'Amour, Christopher Bren and Wenz, Leonie and Kalkuhl, Matthias and Steckel, Jan Christoph and Creutzig, Felix},
	journal={Environmental Research Letters},
	volume={11},
	number={3},
	pages={035007},
	year={2016},
	publisher={IOP Publishing}
}

@article{neset2016map,
	title={Map-Based Web Tools Supporting Climate Change Adaptation},
	author={Neset, Tina-Simone and Opach, Tomasz and Lion, Peter and Lilja, Anna and Johansson, Jimmy},
	journal={The Professional Geographer},
	volume={68},
	number={1},
	pages={103--114},
	year={2016},
	publisher={Taylor \& Francis}
}

@inproceedings{shneiderman1996eyes,
	title={The eyes have it: A task by data type taxonomy for information visualizations},
	author={Shneiderman, Ben},
	booktitle={Visual Languages, 1996. Proceedings., IEEE Symposium on},
	pages={336--343},
	year={1996},
	organization={IEEE}
}

@article{macdonald2015rethinking,
	title={Rethinking agricultural trade relationships in an era of globalization},
	author={MacDonald, Graham K and Brauman, Kate A and Sun, Shipeng and Carlson, Kimberly M and Cassidy, Emily S and Gerber, James S and West, Paul C},
	journal={BioScience},
	volume={65},
	number={3},
	pages={275--289},
	year={2015},
	publisher={Oxford University Press}
}

@article{garlaschelli2005structure,
	title={Structure and evolution of the world trade network},
	author={Garlaschelli, Diego and Loffredo, Maria I},
	journal={Physica A: Statistical Mechanics and its Applications},
	volume={355},
	number={1},
	pages={138--144},
	year={2005},
	publisher={Elsevier}
}

@article{zhou2016structure,
	title={Structure and formation of top networks in international trade, 2001--2010},
	author={Zhou, Min and Wu, Gang and Xu, Helian},
	journal={Social Networks},
	volume={44},
	pages={9--21},
	year={2016},
	publisher={Elsevier}
}

@inproceedings{squartini2012triadic,
	title={Triadic motifs and dyadic self-organization in the World Trade Network},
	author={Squartini, Tiziano and Garlaschelli, Diego},
	booktitle={International Workshop on Self-Organizing Systems},
	pages={24--35},
	year={2012},
	organization={Springer}
}

@article{winkler2013motifs,
	title={Motifs in triadic random graphs based on Steiner triple systems},
	author={Winkler, Marco and Reichardt, J{\"o}rg},
	journal={Physical Review E},
	volume={88},
	number={2},
	pages={022805},
	year={2013},
	publisher={APS}
}

@article{timmer2010reflections,
	title={Reflections on food crises past},
	author={Timmer, C Peter},
	journal={Food policy},
	volume={35},
	number={1},
	pages={1--11},
	year={2010},
	publisher={Elsevier}
}

@article{shiferaw2014managing,
	title={Managing vulnerability to drought and enhancing livelihood resilience in sub-Saharan Africa: Technological, institutional and policy options},
	author={Shiferaw, Bekele and Tesfaye, Kindie and Kassie, Menale and Abate, Tsedeke and Prasanna, BM and Menkir, Abebe},
	journal={Weather and Climate Extremes},
	volume={3},
	pages={67--79},
	year={2014},
	publisher={Elsevier}
}

@misc{stocker2013climate,
	title={Climate Change 2013: The Physical Science Basis. Contribution of Working Group I to the Fifth Assessment Report of the Intergovernmental Panel on Climate Change, 1535 pp},
	author={Stocker, Thomas F and Qin, Dahe and Plattner, Gian-Kasper and Tignor, M and Allen, Simon K and Boschung, Judith and Nauels, Alexander and Xia, Yu and Bex, Vincent and Midgley, Pauline M},
	year={2013},
	publisher={Cambridge Univ. Press, Cambridge, UK, and New York}
}

@article{fader2013spatial,
	title={Spatial decoupling of agricultural production and consumption: quantifying dependences of countries on food imports due to domestic land and water constraints},
	author={Fader, Marianela and Gerten, Dieter and Krause, Michael and Lucht, Wolfgang and Cramer, Wolfgang},
	journal={Environmental Research Letters},
	volume={8},
	number={1},
	pages={014046},
	year={2013},
	publisher={IOP Publishing}
}

@article{d2014feeding,
	title={Feeding humanity through global food trade},
	author={D'Odorico, Paolo and Carr, Joel A and Laio, Francesco and Ridolfi, Luca and Vandoni, Stefano},
	journal={Earth's Future},
	volume={2},
	number={9},
	pages={458--469},
	year={2014},
	publisher={Wiley Online Library}
}

@article{headey2011rethinking,
	title={Rethinking the global food crisis: The role of trade shocks},
	author={Headey, Derek},
	journal={Food Policy},
	volume={36},
	number={2},
	pages={136--146},
	year={2011},
	publisher={Elsevier}
}

@article{porkka2013food,
	title={From food insufficiency towards trade dependency: a historical analysis of global food availability},
	author={Porkka, Miina and Kummu, Matti and Siebert, Stefan and Varis, Olli},
	journal={PloS one},
	volume={8},
	number={12},
	pages={e82714},
	year={2013},
	publisher={Public Library of Science}
}

@article{ercsey2012complexity,
	title={Complexity of the international agro-food trade network and its impact on food safety},
	author={Ercsey-Ravasz, M{\'a}ria and Toroczkai, Zolt{\'a}n and Lakner, Zolt{\'a}n and Baranyi, J{\'o}zsef},
	journal={PLoS One},
	volume={7},
	number={5},
	pages={e37810},
	year={2012},
	publisher={Public Library of Science}
}

@book{bates2008climate,
	title={Climate Change and Water: Technical Paper VI},
	author={Bates, Bryson and Kundzewicz, Zbigniew W and Wu, Shaohong and Palutikof, Jean},
	year={2008},
	publisher={Intergovernmental Panel on Climate Change (IPCC)}
}

@inproceedings{tomaszewski2007geovisual,
	title={Geovisual analytics and crisis management},
	author={Tomaszewski, Brian M and Robinson, Anthony C and Weaver, Chris and Stryker, Michael and MacEachren, Alan M},
	booktitle={Proceedings of the 4th International ISCRAM Conference},
	pages={173--179},
	year={2007},
	organization={Delft, the Netherlands}
}

@article{fagiolo2008topological,
	title={On the topological properties of the world trade web: A weighted network analysis},
	author={Fagiolo, Giorgio and Reyes, Javier and Schiavo, Stefano},
	journal={Physica A: Statistical Mechanics and its Applications},
	volume={387},
	number={15},
	pages={3868--3873},
	year={2008},
	publisher={Elsevier}
}

@article{fagiolo2010evolution,
	title={The evolution of the world trade web: a weighted-network analysis},
	author={Fagiolo, Giorgio and Reyes, Javier and Schiavo, Stefano},
	journal={Journal of Evolutionary Economics},
	volume={20},
	number={4},
	pages={479--514},
	year={2010},
	publisher={Springer}
}

@article{milo2002network,
	title={Network motifs: simple building blocks of complex networks},
	author={Milo, Ron and Shen-Orr, Shai and Itzkovitz, Shalev and Kashtan, Nadav and Chklovskii, Dmitri and Alon, Uri},
	journal={Science},
	volume={298},
	number={5594},
	pages={824--827},
	year={2002},
	publisher={American Association for the Advancement of Science}
}

@article{godfray2010food,
	title={Food security: the challenge of feeding 9 billion people},
	author={Godfray, H Charles J and Beddington, John R and Crute, Ian R and Haddad, Lawrence and Lawrence, David and Muir, James F and Pretty, Jules and Robinson, Sherman and Thomas, Sandy M and Toulmin, Camilla},
	journal={science},
	volume={327},
	number={5967},
	pages={812--818},
	year={2010},
	publisher={American Association for the Advancement of Science}
}

@article{bradsher2011food,
	title={UN food agency issues warning on China drought},
	author={Bradsher, Keith},
	journal={The New York Times},
	volume={8},
	number={2},
	pages={2011},
	year={2011}
}

@article{sternberg2012chinese,
	title={Chinese drought, bread and the {A}rab {S}pring},
	author={Sternberg, Troy},
	journal={Applied Geography},
	volume={34},
	pages={519--524},
	year={2012},
	publisher={Elsevier}
}

@article{croppenstedt2006food,
	title={Food security and wheat policy in Egypt},
	author={Croppenstedt, Andr{\'e} and Saade, Maurice and Siam, G},
	journal={Roles of agriculture policy brief},
	year={2006}
}

@article{lagi2011food,
	title={The food crises and political instability in North Africa and the Middle East},
	author={Lagi, Marco and Bertrand, Karla Z and Bar-Yam, Yaneer},
	year={2011}
}

@book{senauer2005globalization,
	title={The globalization of food systems: A conceptual framework and empirical patterns},
	author={Senauer, Benjamin and Venturini, Luciano and others},
	volume={5},
	number={1},
	year={2005},
	publisher={Food Industry Center, University of Minnesota}
}

@article{johnstone2011global,
	title={Global warming and the Arab Spring},
	author={Johnstone, Sarah and Mazo, Jeffrey},
	journal={Survival},
	volume={53},
	number={2},
	pages={11--17},
	year={2011},
	publisher={Taylor \& Francis}
}

@article{globalFoodCrises,
	title={The global food crises},
	author={UNDESA},
	journal={The Report on the World Social Situation 2011: The Global Social Crisis},
	year={2011},
	publisher={United Nations Department of Economic and Social Affairs }
	}
	
@article{baileychokepoints,
	title={Chokepoints and Vulnerabilities in Global Food Trade},
	author={Bailey, Rob and Wellesley, Laura},
	journal={London: Chatham House}
}

@article{schmidhuber2007global,
	title={Global food security under climate change},
	author={Schmidhuber, Josef and Tubiello, Francesco N},
	journal={Proceedings of the National Academy of Sciences},
	volume={104},
	number={50},
	pages={19703--19708},
	year={2007},
	publisher={National Acad Sciences}
}

@book{faostat,
	author={FAO},
	year={2016},
	publisher={Food and Agriculture Organization of the United Nations},
	note={{F}AOSTAT. Online database {fao.org/faostat}. Accessed 28 August 2017.}
}

@book{metofficeCitation,
	author={{Hadley Center}},
	year={2017},
	publisher={{Met Office}},
	note={Website {www.metoffice.gov.uk/food-insecurity-index}. Accessed 28 August 2017.}
}

@book{d3,
	author={Bostok, Mike},
	year={2016},
	publisher={Data Driven Documents},
	note={{D}3. JavaScript library {d3js.org}. Accessed 28 August 2017.}
}

@book{fao2016state,
	title={The state of food and agriculture},
	author={FAO},
	year={2016},
	publisher={Food and Agriculture Organization of the United Nations}
}

@article{de2011world,
	title={The world trade network},
	author={De Benedictis, Luca and Tajoli, Lucia},
	journal={The World Economy},
	volume={34},
	number={8},
	pages={1417--1454},
	year={2011},
	publisher={Wiley Online Library}
}

@article{sun2013survey,
	title={A survey of visual analytics techniques and applications: State-of-the-art research and future challenges},
	author={Sun, Guo-Dao and Wu, Ying-Cai and Liang, Rong-Hua and Liu, Shi-Xia},
	journal={Journal of Computer Science and Technology},
	volume={28},
	number={5},
	pages={852--867},
	year={2013},
	publisher={Springer}
}

@article{hund2016visual,
	title={Visual analytics for concept exploration in subspaces of patient groups},
	author={Hund, Michael and B{\"o}hm, Dominic and Sturm, Werner and Sedlmair, Michael and Schreck, Tobias and Ullrich, Torsten and Keim, Daniel A and Majnaric, Ljiljana and Holzinger, Andreas},
	journal={Brain informatics},
	volume={3},
	number={4},
	pages={233--247},
	year={2016},
	publisher={Springer}
}

@inproceedings{keim2006challenges,
	title={Challenges in visual data analysis},
	author={Keim, Daniel A and Mansmann, Florian and Schneidewind, J{\"o}rn and Ziegler, Hartmut},
	booktitle={Information Visualization, 2006. IV 2006. Tenth International Conference on},
	pages={9--16},
	year={2006},
	organization={IEEE}
}

@article{lampietti2011strategic,
	title={A strategic framework for improving food security in Arab countries},
	author={Lampietti, Julian A and Michaels, Sean and Magnan, Nicholas and McCalla, Alex F and Saade, Maurice and Khouri, Nadim},
	journal={Food Security},
	volume={3},
	number={1},
	pages={7--22},
	year={2011},
	publisher={Springer}
}

@article{fagiolo2007clustering,
	title={Clustering in complex directed networks},
	author={Fagiolo, Giorgio},
	journal={Physical Review E},
	volume={76},
	number={2},
	pages={026107},
	year={2007},
	publisher={APS}
}

@article{keim2008visual,
	title={Visual analytics: Definition, process, and challenges},
	author={Keim, Daniel and Andrienko, Gennady and Fekete, Jean-Daniel and Gorg, Carsten and Kohlhammer, Jorn and Melan{\c{c}}on, Guy},
	journal={Lecture notes in computer science},
	volume={4950},
	pages={154--176},
	year={2008},
	publisher={Springer}
}

@inproceedings{schnepf2005us,
	title={US agriculture after Hurricane Katrina: status and issues},
	author={Schnepf, Randall Dean and Chite, Ralph M},
	year={2005},
	organization={Congressional Information Service, Library of Congress}
}

@article{webster2005changes,
	title={Changes in tropical cyclone number, duration, and intensity in a warming environment},
	author={Webster, Peter J and Holland, Greg J and Curry, Judith A and Chang, H-R},
	journal={Science},
	volume={309},
	number={5742},
	pages={1844--1846},
	year={2005},
	publisher={American Association for the Advancement of Science}
}

@article{trenberth2005uncertainty,
	title={Uncertainty in hurricanes and global warming},
	author={Trenberth, Kevin},
	journal={Science},
	volume={308},
	number={5729},
	pages={1753--1754},
	year={2005},
	publisher={American Association for the Advancement of Science}
}

@book{shneiderman2016designing,
	title={Designing the user interface: strategies for effective human-computer interaction},
	author={Shneiderman, Ben},
	year={2016},
	publisher={Pearson Education India}
}

@article{serrano2003topology,
	title={Topology of the world trade web},
	author={Serrano, Ma Angeles and Bogun{\'a}, Mari{\'a}n},
	journal={Physical Review E},
	volume={68},
	number={1},
	pages={015101},
	year={2003},
	publisher={APS}
}

@article{ravasz2003hierarchical,
	title={Hierarchical organization in complex networks},
	author={Ravasz, Erzs{\'e}bet and Barab{\'a}si, Albert-L{\'a}szl{\'o}},
	journal={Physical Review E},
	volume={67},
	number={2},
	pages={026112},
	year={2003},
	publisher={APS}
}

@article{shuttersterrorism,
	title={From Terrorism To Environmental Management: A Novel Assessment Of Network Robustness Using Triad Analysis},
	author={Shutters, Shade T}
}

@article{milo2004superfamilies,
	title={Superfamilies of evolved and designed networks},
	author={Milo, Ron and Itzkovitz, Shalev and Kashtan, Nadav and Levitt, Reuven and Shen-Orr, Shai and Ayzenshtat, Inbal and Sheffer, Michal and Alon, Uri},
	journal={Science},
	volume={303},
	number={5663},
	pages={1538--1542},
	year={2004},
	publisher={American Association for the Advancement of Science}
}